@MISC{Lopez94kaleidoscope:a,
    author = {Gus Lopez and Bjorn Freeman-Benson and Alan Borning},
    title = {Kaleidoscope: A Constraint Imperative Programming Language},
    year = {1994}
}

@INPROCEEDINGS{Smolka95theoz,
    author = {Gert Smolka},
    title = {The Oz Programming Model},
    booktitle = {COMPUTER SCIENCE TODAY, LECTURE NOTES IN COMPUTER SCIENCE},
    year = {1995},
    pages = {324--343},
    publisher = {Springer-Verlag}
}

@ARTICLE{Hanus94theintegration,
    author = {Michael Hanus},
    title = {The Integration of Functions into Logic Programming: From Theory to Practice},
    journal = {Journal of Logic Programming},
    year = {1994},
    pages = {583--628}
}

@INPROCEEDINGS{Frühwirth95constrainthandling,
    author = {Thom Frühwirth},
    title = {Constraint Handling Rules},
    booktitle = {Constraint Programming: Basics and Trends, LNCS 910},
    year = {1995},
    pages = {90--107},
    publisher = {Springer-Verlag}
}

@inproceedings{DBLP:conf/sigmod/MarcozziVH12,
  author    = {Micha{\"e}l Marcozzi and
               Wim Vanhoof and
               Jean-Luc Hainaut},
  title     = {Test input generation for database programs using relational
               constraints},
  booktitle = {DBTest},
  year      = {2012},
  pages     = {6},
  ee        = {http://doi.acm.org/10.1145/2304510.2304518},
  crossref  = {DBLP:conf/sigmod/2012dbtest},
  bibsource = {DBLP, http://dblp.uni-trier.de}
}

@proceedings{DBLP:conf/sigmod/2012dbtest,
  editor    = {Eric Lo and
               Florian Waas},
  title     = {Proceedings of the Fifth International Workshop on Testing
               Database Systems, DBTest 2012, Scottsdale, AZ, USA, May
               21, 2012},
  booktitle = {DBTest},
  publisher = {ACM},
  year      = {2012},
  isbn      = {978-1-4503-1429-9},
  ee        = {http://dl.acm.org/citation.cfm?id=2304510},
  bibsource = {DBLP, http://dblp.uni-trier.de}
}

@inproceedings{DBLP:conf/lopstr/DegraveSV09,
  author    = {Fran\c{c}ois Degrave and
               Tom Schrijvers and
               Wim Vanhoof},
  title     = {Towards a Framework for Constraint-Based Test Case Generation},
  booktitle = {LOPSTR},
  year      = {2009},
  pages     = {128-142},
  ee        = {http://dx.doi.org/10.1007/978-3-642-12592-8_10},
  crossref  = {DBLP:conf/lopstr/2009},
  bibsource = {DBLP, http://dblp.uni-trier.de}
}

@proceedings{DBLP:conf/lopstr/2009,
  editor    = {Danny De Schreye},
  title     = {Logic-Based Program Synthesis and Transformation, 19th International
               Symposium, LOPSTR 2009, Coimbra, Portugal, September 2009,
               Revised Selected Papers},
  booktitle = {LOPSTR},
  publisher = {Springer},
  series    = {Lecture Notes in Computer Science},
  volume    = {6037},
  year      = {2010},
  isbn      = {978-3-642-12591-1},
  ee        = {http://dx.doi.org/10.1007/978-3-642-12592-8},
  bibsource = {DBLP, http://dblp.uni-trier.de}
}

